%% Created using Papers on Wed, 30 Mar 2016.
%% http://papersapp.com/papers/

@article{Li2015,
author = {Li, Hongzhe},
title = {{Microbiome, Metagenomics, and High-Dimensional Compositional Data Analysis}},
journal = {Annual Review of Statistics and Its Application},
year = {2015},
volume = {2},
number = {1},
pages = {73--94}
}

@article{tyler2014analyzing,
author = {Tyler, Andrea D and Smith, Michelle I and Silverberg, Mark S},
title = {{Analyzing the human microbiome: a {\textquotedblleft}how to{\textquotedblright} guide for physicians}},
journal = {The American Journal of Gastroenterology},
year = {2014},
volume = {109},
number = {7},
pages = {983--993}
}

@article{Martinez:2013ij,
author = {Mart{\'\i}nez, In{\'e}s and Muller, Catherine E and Walter, Jens},
title = {{Long-Term Temporal Analysis of the Human Fecal Microbiota Revealed a Stable Core of Dominant Bacterial Species}},
journal = {PloS one},
year = {2013},
volume = {8},
number = {7},
pages = {e69621},
month = jul
}

@article{Quast:2013hk,
author = {Quast, Christian and Pruesse, Elmar and Yilmaz, Pelin and Gerken, Jan and Schweer, Timmy and Yarza, Pablo and Peplies, J{\"o}rg and Gl{\"o}ckner, Frank Oliver},
title = {{The SILVA ribosomal RNA gene database project: improved data processing and web-based tools.}},
journal = {Nucleic acids research},
year = {2013},
volume = {41},
number = {Database issue},
pages = {D590--6},
month = jan
}

@article{DeSantis:2006ii,
author = {DeSantis, T Z and Hugenholtz, P and Larsen, N and Rojas, M and Brodie, E L and Keller, K and Huber, T and Dalevi, D and Hu, P and Andersen, G L},
title = {{Greengenes, a chimera-checked 16S rRNA gene database and workbench compatible with ARB.}},
journal = {Applied and environmental microbiology},
year = {2006},
volume = {72},
number = {7},
pages = {5069--5072},
month = jul
}

@article{Rutgeerts:2012ul,
author = {Rutgeerts, Paul and Van Assche, Gert and Sandborn, William J and Wolf, Douglas C and Geboes, Karel and Colombel, Jean Fr{\'e}d{\'e}ric and Reinisch, Walter and {EXTEND Investigators} and Kumar, Ashish and Lazar, Andreas and Camez, Anne and Lomax, Kathleen G and Pollack, Paul F and D'Haens, Geert},
title = {{Adalimumab induces and maintains mucosal healing in patients with Crohn's disease: data from the EXTEND trial.}},
journal = {Gastroenterology},
year = {2012},
volume = {142},
number = {5},
pages = {1102--1111.e2},
month = may
}

@article{Peng:2011et,
author = {Peng, Roger D},
title = {{Reproducible research in computational science.}},
journal = {Science},
year = {2011},
volume = {334},
number = {6060},
pages = {1226--1227},
month = dec
}

@article{Voigt:2015uq,
author = {Voigt, Anita Y and Costea, Paul I and Kultima, Jens Roat and Li, Simone S and Zeller, Georg and Sunagawa, Shinichi and Bork, Peer},
title = {{Temporal and technical variability of human gut metagenomes}},
journal = {Genome biology},
year = {2015},
volume = {16},
number = {1}
}

@article{Ott:2008kj,
author = {Ott, Stephan J and K{\"u}hbacher, Tanja and Musfeldt, Meike and Rosenstiel, Philip and Hellmig, Stephan and Rehman, Ateequr and Drews, Oliver and Weichert, Wilko and Timmis, Kenneth N and Schreiber, Stefan},
title = {{Fungi and inflammatory bowel diseases: Alterations of composition and diversity.}},
journal = {Scandinavian journal of gastroenterology},
year = {2008},
volume = {43},
number = {7},
pages = {831--841},
month = jan
}

@article{Price:2013fu,
author = {Price, Katherine E and Hampton, Thomas H and Gifford, Alex H and Dolben, Emily L and Hogan, Deborah A and Morrison, Hilary G and Sogin, Mitchell L and O'Toole, George A},
title = {{Unique microbial communities persist in individual cystic fibrosis patients throughout a clinical exacerbation.}},
journal = {Microbiome},
year = {2013},
volume = {1},
number = {1},
pages = {27}
}

@article{turnbaugh2007human,
author = {Turnbaugh, Peter J and Ley, Ruth E and Hamady, Micah and Fraser-Liggett, Claire M and Knight, Rob and Gordon, Jeffrey I},
title = {{The human microbiome project}},
journal = {Nature},
year = {2007},
volume = {449},
number = {7164},
pages = {804--810}
}

@article{Berkenpas:2006wl,
author = {Berkenpas, E and Millard, P and Pereira da Cunha, M},
title = {{Detection of Escherichia coli O157:H7 with langasite pure shear horizontal surface acoustic wave sensors.}},
journal = {Biosensors and Bioelectronics},
year = {2006},
volume = {21},
number = {12},
pages = {2255--2262},
month = jun
}

@article{min2005random,
author = {Min, Yongyi and Agresti, Alan},
title = {{Random effect models for repeated measures of zero-inflated count data}},
journal = {Statistical Modelling},
year = {2005},
volume = {5},
number = {1},
pages = {1--19}
}

@article{kostic2014microbiome,
author = {Kostic, Aleksandar D and Xavier, Ramnik J and Gevers, Dirk},
title = {{The microbiome in inflammatory bowel disease: current status and the future ahead}},
journal = {Gastroenterology},
year = {2014},
volume = {146},
number = {6},
pages = {1489--1499}
}

@article{ross2013characterizing,
author = {Ross, Michael G and Russ, Carsten and Costello, Maura and Hollinger, Andrew and Lennon, Niall J and Hegarty, Ryan and Nusbaum, Chad and Jaffe, David B},
title = {{Characterizing and measuring bias in sequence data.}},
journal = {Genome biology},
year = {2013},
volume = {14},
number = {5},
pages = {R51}
}

@article{Lax:2015dr,
author = {Lax, Simon and Hampton-Marcell, Jarrad T and Gibbons, Sean M and Colares, Ge{\'o}rgia Barguil and Smith, Daniel and Eisen, Jonathan A and Gilbert, Jack A},
title = {{Forensic analysis of the microbiome of phones and shoes.}},
journal = {Microbiome},
year = {2015},
volume = {3},
number = {1},
pages = {21}
}

@article{Borrelli:2006tk,
author = {Borrelli, Osvaldo and Cordischi, Letizia and Cirulli, Manuela and Paganelli, Massimiliano and Labalestra, Valeria and Uccini, Stefania and Russo, Paolo M and Cucchiara, Salvatore},
title = {{Polymeric diet alone versus corticosteroids in the treatment of active pediatric Crohn's disease: a randomized controlled open-label trial.}},
journal = {Clinical gastroenterology and hepatology : the official clinical practice journal of the American Gastroenterological Association},
year = {2006},
volume = {4},
number = {6},
pages = {744--753},
month = jun
}

@article{Margolis:2010et,
author = {Margolis, David J and Fanelli, Matthew and Hoffstad, Ole and Lewis, James D},
title = {{Potential association between the oral tetracycline class of antimicrobials used to treat acne and inflammatory bowel disease.}},
journal = {The American Journal of Gastroenterology},
year = {2010},
volume = {105},
number = {12},
pages = {2610--2616},
month = dec
}

@article{van2013butyrate,
author = {Van den Abbeele, Pieter and Belzer, Clara and Goossens, Margot and Kleerebezem, Michiel and de Vos, Willem M and Thas, Olivier and De Weirdt, Rosemarie and Kerckhof, Frederiek-Maarten and Van de Wiele, Tom},
title = {{Butyrate-producing Clostridium cluster XIVa species specifically colonize mucins in an in vitro gut model}},
journal = {The ISME journal},
year = {2013},
volume = {7},
number = {5},
pages = {949--961}
}

@article{paulson2013differential,
author = {Paulson, Joseph N and Stine, O Colin and Bravo, H{\'e}ctor Corrada and Pop, Mihai},
title = {{Differential abundance analysis for microbial marker-gene surveys.}},
journal = {Nature Methods},
year = {2013},
volume = {10},
number = {12},
pages = {1200--1202},
month = dec
}

@article{Albenberg:2014bp,
author = {Albenberg, Lindsey and Esipova, Tatiana V and Judge, Colleen P and Bittinger, Kyle and Chen, Jun and Laughlin, Alice and Grunberg, Stephanie and Baldassano, Robert N and Lewis, James D and Li, Hongzhe and Thom, Stephen R and Bushman, Frederic D and Vinogradov, Sergei A and Wu, Gary D},
title = {{Correlation between intraluminal oxygen gradient and radial partitioning of intestinal microbiota.}},
journal = {Gastroenterology},
year = {2014},
volume = {147},
number = {5},
pages = {1055--63.e8},
month = nov
}

@article{Raymond:2015ew,
author = {Raymond, Fr{\'e}d{\'e}ric and Ouameur, Amin A and D{\'e}raspe, Maxime and Iqbal, Naeem and Gingras, H{\'e}l{\`e}ne and Dridi, B{\'e}dis and Leprohon, Philippe and Plante, Pier-Luc and Giroux, Richard and B{\'e}rub{\'e}, {\`{E}}ve and Frenette, Johanne and Boudreau, Dominique K and Simard, Jean-Luc and Chabot, Isabelle and Domingo, Marc-Christian and Trottier, Sylvie and Boissinot, Maurice and Huletsky, Ann and Roy, Paul H and Ouellette, Marc and Bergeron, Michel G and Corbeil, Jacques},
title = {{The initial state of the human gut microbiome determines its reshaping by antibiotics}},
journal = {The ISME journal},
year = {2016},
volume = {10},
number = {3},
pages = {707--720},
month = mar
}

@article{Jostins:2012iu,
author = {Jostins, Luke and Ripke, Stephan and Weersma, Rinse K and Duerr, Richard H and McGovern, Dermot P and Hui, Ken Y and Lee, James C and Schumm, L Philip and Sharma, Yashoda and Anderson, Carl A and Essers, Jonah and Mitrovic, Mitja and Ning, Kaida and Cleynen, Isabelle and Theatre, Emilie and Spain, Sarah L and Raychaudhuri, Soumya and Goyette, Philippe and Wei, Zhi and Abraham, Clara and Achkar, Jean-Paul and Ahmad, Tariq and Amininejad, Leila and Ananthakrishnan, Ashwin N and Andersen, Vibeke and Andrews, Jane M and Baidoo, Leonard and Balschun, Tobias and Bampton, Peter A and Bitton, Alain and Boucher, Gabrielle and Brand, Stephan and B{\"u}ning, Carsten and Cohain, Ariella and Cichon, Sven and D'Amato, Mauro and De Jong, Dirk and Devaney, Kathy L and Dubinsky, Marla and Edwards, Cathryn and Ellinghaus, David and Ferguson, Lynnette R and Franchimont, Denis and Fransen, Karin and Gearry, Richard and Georges, Michel and Gieger, Christian and Glas, J{\"u}rgen and Haritunians, Talin and Hart, Ailsa and Hawkey, Chris and Hedl, Matija and Hu, Xinli and Karlsen, Tom H and Kupcinskas, Limas and Kugathasan, Subra and Latiano, Anna and Laukens, Debby and Lawrance, Ian C and Lees, Charlie W and Louis, Edouard and Mahy, Gillian and Mansfield, John and Morgan, Angharad R and Mowat, Craig and Newman, William and Palmieri, Orazio and Ponsioen, Cyriel Y and Potocnik, Uros and Prescott, Natalie J and Regueiro, Miguel and Rotter, Jerome I and Russell, Richard K and Sanderson, Jeremy D and Sans, Miquel and Satsangi, Jack and Schreiber, Stefan and Simms, Lisa A and Sventoraityte, Jurgita and Targan, Stephan R and Taylor, Kent D and Tremelling, Mark and Verspaget, Hein W and De Vos, Martine and Wijmenga, Cisca and Wilson, David C and Winkelmann, Juliane and Xavier, Ramnik J and Zeissig, Sebastian and Zhang, Bin and Zhang, Clarence K and Zhao, Hongyu and {International IBD Genetics Consortium (IIBDGC)} and Silverberg, Mark S and Annese, Vito and Hakonarson, Hakon and Brant, Steven R and Radford-Smith, Graham and Mathew, Christopher G and Rioux, John D and Schadt, Eric E and Daly, Mark J and Franke, Andre and Parkes, Miles and Vermeire, Severine and Barrett, Jeffrey C and Cho, Judy H},
title = {{Host-microbe interactions have shaped the genetic architecture of inflammatory bowel disease.}},
journal = {Nature},
year = {2012},
volume = {491},
number = {7422},
pages = {119--124},
month = nov
}

@article{White:2013ek,
author = {White, Richard A and Bjornholt, Jorgen V and Baird, Donna D and Midtvedt, Tore and Harris, Jennifer R and Pagano, Marcello and Hide, Winston and Rudi, Knut and Moen, Birgitte and Iszatt, Nina and Peddada, Shyamal D and Eggesbo, Merete},
title = {{Novel Developmental Analyses Identify Longitudinal Patterns of Early Gut Microbiota that Affect Infant Growth}},
journal = {PLoS Computational Biology},
year = {2013},
volume = {9},
number = {5},
month = may
}

@article{wagner2011application,
author = {Wagner, Brandie D and Robertson, Charles E and Harris, J Kirk},
title = {{Application of two-part statistics for comparison of sequence variant counts.}},
journal = {PloS one},
year = {2011},
volume = {6},
number = {5},
pages = {e20296}
}

@article{Samuel:2007cl,
author = {Samuel, Buck S and Hansen, Elizabeth E and Manchester, Jill K and Coutinho, Pedro M and Henrissat, Bernard and Fulton, Robert and Latreille, Philippe and Kim, Kung and Wilson, Richard K and Gordon, Jeffrey I},
title = {{Genomic and metabolic adaptations of Methanobrevibacter smithii to the human gut.}},
journal = {Proceedings of the National Academy of Sciences of the United States of America},
year = {2007},
volume = {104},
number = {25},
pages = {10643--10648},
month = jun
}

@article{Samuel:2010en,
author = {Samuel, S and Loftus, E V and Sandborn, W J},
title = {{The effects of itraconazole on inflammatory bowel disease activity in patients treated for histoplasmosis.}},
journal = {Alimentary pharmacology {\&} therapeutics},
year = {2010},
volume = {32},
number = {9},
pages = {1207--1209},
month = nov
}

@article{walters2014meta,
author = {Walters, William A and Xu, Zech and Knight, Rob},
title = {{Meta-analyses of human gut microbes associated with obesity and IBD}},
journal = {FEBS letters},
year = {2014},
volume = {588},
number = {22},
pages = {4223--4233}
}

@article{Sartor:2008cs,
author = {Sartor, R Balfour},
title = {{Therapeutic correction of bacterial dysbiosis discovered by molecular techniques.}},
journal = {Proceedings of the National Academy of Sciences of the United States of America},
year = {2008},
volume = {105},
number = {43},
pages = {16413--16414},
month = oct
}

@article{Stein:2013dl,
author = {Stein, Richard R and Bucci, Vanni and Toussaint, Nora C and Buffie, Charlie G and R{\"a}tsch, Gunnar and Pamer, Eric G and Sander, Chris and Xavier, Jo{\~a}o B},
title = {{Ecological Modeling from Time-Series Inference: Insight into Dynamics and Stability of Intestinal Microbiota}},
journal = {PLoS Computational Biology},
year = {2013},
volume = {9},
number = {12},
pages = {e1003388},
month = dec
}

@article{Schloss:2009do,
author = {Schloss, Patrick D and Westcott, Sarah L and Ryabin, Thomas and Hall, Justine R and Hartmann, Martin and Hollister, Emily B and Lesniewski, Ryan A and Oakley, Brian B and Parks, Donovan H and Robinson, Courtney J and Sahl, Jason W and Stres, Blaz and Thallinger, Gerhard G and Van Horn, David J and Weber, Carolyn F},
title = {{Introducing mothur: open-source, platform-independent, community-supported software for describing and comparing microbial communities.}},
journal = {Applied and environmental microbiology},
year = {2009},
volume = {75},
number = {23},
pages = {7537--7541},
month = dec
}

@article{Lax:2014em,
author = {Lax, Simon and Smith, Daniel P and Hampton-Marcell, Jarrad and Owens, Sarah M and Handley, Kim M and Scott, Nicole M and Gibbons, Sean M and Larsen, Peter and Shogan, Benjamin D and Weiss, Sophie and Metcalf, Jessica L and Ursell, Luke K and V{\'a}zquez-Baeza, Yoshiki and Van Treuren, Will and Hasan, Nur A and Gibson, Molly K and Colwell, Rita and Dantas, Gautam and Knight, Rob and Gilbert, Jack A},
title = {{Longitudinal analysis of microbial interaction between humans and the indoor environment.}},
journal = {Science},
year = {2014},
volume = {345},
number = {6200},
pages = {1048--1052},
month = aug
}

@article{Peeters:2001ba,
author = {Peeters, M and Joossens, S and Vermeire, S and Vlietinck, R and Bossuyt, X and Rutgeerts, P},
title = {{Diagnostic value of anti-Saccharomyces cerevisiae and antineutrophil cytoplasmic autoantibodies in inflammatory bowel disease.}},
journal = {The American Journal of Gastroenterology},
year = {2001},
volume = {96},
number = {3},
pages = {730--734},
month = mar
}

@article{Khan:2011vo,
author = {Khan, Khurram J and Ullman, Thomas A and Ford, Alexander C and Abreu, Maria T and Abadir, Amir and Abadir, A and Marshall, John K and Talley, Nicholas J and Moayyedi, Paul},
title = {{Antibiotic therapy in inflammatory bowel disease: a systematic review and meta-analysis.}},
journal = {The American Journal of Gastroenterology},
year = {2011},
volume = {106},
number = {4},
pages = {661--673},
month = apr
}

@article{Metwalli:2013fb,
author = {Metwalli, Khalid H and Khan, Shariq A and Krom, Bastiaan P and Jabra-Rizk, Mary Ann},
title = {{Streptococcus mutans, Candida albicans, and the human mouth: a sticky situation.}},
journal = {PLoS pathogens},
year = {2013},
volume = {9},
number = {10},
pages = {e1003616}
}

@article{Korem:2015cv,
author = {Korem, Tal and Zeevi, David and Suez, Jotham and Weinberger, Adina and Avnit-Sagi, Tali and Pompan-Lotan, Maya and Matot, Elad and Jona, Ghil and Harmelin, Alon and Cohen, Nadav and Sirota-Madi, Alexandra and Thaiss, Christoph A and Pevsner-Fischer, Meirav and Sorek, Rotem and Xavier, Ramnik J and Elinav, Eran and Segal, Eran},
title = {{Growth dynamics of gut microbiota in health and disease inferred from single metagenomic samples.}},
journal = {Science},
year = {2015},
volume = {349},
number = {6252},
pages = {1101--1106},
month = sep
}

@article{arrieta2015early,
author = {Arrieta, Marie-Claire and Stiemsma, Leah T and Dimitriu, Pedro A and Thorson, Lisa and Russell, Shannon and Yurist-Doutsch, Sophie and Kuzeljevic, Boris and Gold, Matthew J and Britton, Heidi M and Lefebvre, Diana L and Subbarao, Padmaja and Mandhane, Piush and Becker, Allan and McNagny, Kelly M and Sears, Malcolm R and Kollmann, Tobias and {CHILD Study Investigators} and Mohn, William W and Turvey, Stuart E and Finlay, B Brett},
title = {{Early infancy microbial and metabolic alterations affect risk of childhood asthma.}},
journal = {Science translational medicine},
year = {2015},
volume = {7},
number = {307},
pages = {307ra152--307ra152},
month = sep
}

@article{Langmead:2009wk,
author = {Langmead, Ben and Trapnell, Cole and Pop, Mihai and Salzberg, Steven L},
title = {{Ultrafast and memory-efficient alignment of short DNA sequences to the human genome}},
journal = {Genome biology},
year = {2009},
volume = {10},
number = {3}
}

@article{Caporaso:2010jf,
author = {Caporaso, J Gregory and Kuczynski, Justin and Stombaugh, Jesse and Bittinger, Kyle and Bushman, Frederic D and Costello, Elizabeth K and Fierer, Noah and Pe{\~n}a, Antonio Gonzalez and Goodrich, Julia K and Gordon, Jeffrey I and Huttley, Gavin A and Kelley, Scott T and Knights, Dan and Koenig, Jeremy E and Ley, Ruth E and Lozupone, Catherine A and McDonald, Daniel and Muegge, Brian D and Pirrung, Meg and Reeder, Jens and Sevinsky, Joel R and Turnbaugh, Peter J and Walters, William A and Widmann, Jeremy and Yatsunenko, Tanya and Zaneveld, Jesse and Knight, Rob},
title = {{QIIME allows analysis of high-throughput community sequencing data.}},
journal = {Nature Methods},
year = {2010},
volume = {7},
number = {5},
pages = {335--336},
month = may
}

@article{turnbaugh2006obesity,
author = {Turnbaugh, Peter J and Ley, Ruth E and Mahowald, Michael A and Magrini, Vincent and Mardis, Elaine R and Gordon, Jeffrey I},
title = {{An obesity-associated gut microbiome with increased capacity for energy harvest}},
journal = {Nature},
year = {2006},
volume = {444},
number = {7122},
pages = {1027--1131}
}

@article{Langille:2014fu,
author = {Langille, Morgan GI and Meehan, Conor J and Koenig, Jeremy E and Dhanani, Akhilesh S and Rose, Robert A and Howlett, Susan E and Beiko, Robert G},
title = {{Microbial shifts in the aging mouse gut.}},
journal = {Microbiome},
year = {2014},
volume = {2},
number = {1},
pages = {50}
}

@article{Alvarez:2002cy,
author = {Alvarez, H M and Steinb{\"u}chel, A},
title = {{Triacylglycerols in prokaryotic microorganisms.}},
journal = {Applied microbiology and biotechnology},
year = {2002},
volume = {60},
number = {4},
pages = {367--376},
month = dec
}

@article{manichanh2012gut,
author = {Manichanh, Chaysavanh and Borruel, Natalia and Casellas, Francesc and Guarner, Francisco},
title = {{The gut microbiota in IBD}},
journal = {Nature Reviews Gastroenterology and Hepatology},
year = {2012},
volume = {9},
number = {10},
pages = {599--608}
}

@article{Quinton:1998tj,
author = {Quinton, J F and Sendid, B and Reumaux, D and Duthilleul, P and Cortot, A and Grandbastien, B and Charrier, G and Targan, S R and Colombel, J F and Poulain, D},
title = {{Anti-Saccharomyces cerevisiae mannan antibodies combined with antineutrophil cytoplasmic autoantibodies in inflammatory bowel disease: prevalence and diagnostic role.}},
journal = {Gut},
year = {1998},
volume = {42},
number = {6},
pages = {788--791},
month = jun
}

@article{gorham2016cirrhosis,
author = {Gorham, James and Gleeson, Michael},
title = {{Cirrhosis and dysbiosis: New insights from next-generation sequencing}},
journal = {Hepatology},
year = {2016},
volume = {63},
number = {1},
pages = {336--338}
}

@article{mcmurdie2014waste,
author = {McMurdie, Paul J and Holmes, Susan},
title = {{Waste not, want not: Why rarefying microbiome data is inadmissible}},
journal = {PLoS Computational Biology},
year = {2014},
volume = {10},
number = {4},
pages = {e1003531}
}

@article{Consortium:2012tm,
author = {{Human Microbiome Project Consortium}},
title = {{A framework for human microbiome research.}},
journal = {Nature},
year = {2012},
volume = {486},
number = {7402},
pages = {215--221},
month = jun
}

@article{kellermayer2015serial,
author = {Kellermayer, Richard and Nagy-Szakal, Dorottya and Harris, R Alan and Luna, Ruth Ann and Pitashny, Milena and Schady, Deborah and Mir, Sabina A V and Lopez, Monica E and Gilger, Mark A and Belmont, John and Hollister, Emily B and Versalovic, James},
title = {{Serial Fecal Microbiota Transplantation Alters Mucosal Gene Expression in Pediatric Ulcerative Colitis}},
journal = {The American Journal of Gastroenterology},
year = {2015},
volume = {110},
number = {4},
pages = {604--606},
month = apr
}

@article{Tong:2013bp,
author = {Tong, Maomeng and Li, Xiaoxiao and Wegener Parfrey, Laura and Roth, Bennett and Ippoliti, Andrew and Wei, Bo and Borneman, James and McGovern, Dermot P B and Frank, Daniel N and Li, Ellen and Horvath, Steve and Knight, Rob and Braun, Jonathan},
title = {{A modular organization of the human intestinal mucosal microbiota and its association with inflammatory bowel disease.}},
journal = {PloS one},
year = {2013},
volume = {8},
number = {11},
pages = {e80702}
}

@article{Sartor,
author = {Sartor, R B},
title = {{Mechanisms of Disease: pathogenesis of Crohn's disease and ulcerative colitis}},
journal = {Nature clinical practice. Gastroenterology {\&} hepatology},
year = {2006},
volume = {3},
pages = {390--407}
}

@article{gill2006metagenomic,
author = {Gill, Steven R and Pop, Mihai and DeBoy, Robert T and Eckburg, Paul B and Turnbaugh, Peter J and Samuel, Buck S and Gordon, Jeffrey I and Relman, David A and Fraser-Liggett, Claire M and Nelson, Karen E},
title = {{Metagenomic analysis of the human distal gut microbiome}},
journal = {Science},
year = {2006},
volume = {312},
number = {5778},
pages = {1355--1359}
}

@article{xia2011accurate,
author = {Xia, Li C and Cram, Jacob A and Chen, Ting and Fuhrman, Jed A and Sun, Fengzhu},
title = {{Accurate genome relative abundance estimation based on shotgun metagenomic reads.}},
journal = {PloS one},
year = {2011},
volume = {6},
number = {12},
pages = {e27992}
}

@article{Iliev:2012ko,
author = {Iliev, Iliyan D and Funari, Vincent A and Taylor, Kent D and Nguyen, Quoclinh and Reyes, Christopher N and Strom, Samuel P and Brown, Jordan and Becker, Courtney A and Fleshner, Phillip R and Dubinsky, Marla and Rotter, Jerome I and Wang, Hanlin L and McGovern, Dermot P B and Brown, Gordon D and Underhill, David M},
title = {{Interactions between commensal fungi and the C-type lectin receptor Dectin-1 influence colitis.}},
journal = {Science},
year = {2012},
volume = {336},
number = {6086},
pages = {1314--1317},
month = jun
}

@article{jia2013nessm,
author = {Jia, Ben and Xuan, Liming and Cai, Kaiye and Hu, Zhiqiang and Ma, Liangxiao and Wei, Chaochun},
title = {{NeSSM: A next-generation sequencing simulator for metagenomics}},
journal = {PloS one},
year = {2013},
volume = {8},
number = {10},
pages = {e75448}
}

@article{Abubucker:2012fd,
author = {Abubucker, Sahar and Segata, Nicola and Goll, Johannes and Schubert, Alyxandria M and Izard, Jacques and Cantarel, Brandi L and Rodriguez-Mueller, Beltran and Zucker, Jeremy and Thiagarajan, Mathangi and Henrissat, Bernard and White, Owen and Kelley, Scott T and Meth{\'e}, Barbara and Schloss, Patrick D and Gevers, Dirk and Mitreva, Makedonka and Huttenhower, Curtis},
title = {{Metabolic reconstruction for metagenomic data and its application to the human microbiome.}},
journal = {PLoS Computational Biology},
year = {2012},
volume = {8},
number = {6},
pages = {e1002358--e1002358},
month = jan
}

@article{perry2011propionibacterium,
author = {Perry, Alexandra and Lambert, Peter},
title = {{Propionibacterium acnes: infection beyond the skin}},
journal = {Expert Review of Anti-Infective Therapy},
year = {2011},
volume = {9},
number = {12},
pages = {1149--1156},
month = dec
}

@article{Wu:2015gd,
author = {Wu, Meng and McNulty, Nathan P and Rodionov, Dmitry A and Khoroshkin, Matvei S and Griffin, Nicholas W and Cheng, Jiye and Latreille, Phil and Kerstetter, Randall A and Terrapon, Nicolas and Henrissat, Bernard and Osterman, Andrei L and Gordon, Jeffrey I},
title = {{Genetic determinants of in vivo fitness and diet responsiveness in multiple human gut Bacteroides.}},
journal = {Science},
year = {2015},
volume = {350},
number = {6256},
pages = {aac5992--aac5992},
month = oct
}

@inproceedings{li2005robust,
author = {Li, Zang and Trappe, Wade and Zhang, Yanyong and Nath, Badri},
title = {{Robust statistical methods for securing wireless localization in sensor networks}},
booktitle = {Information Processing in Sensor Networks, 2005. IPSN 2005. Fourth International Symposium on},
year = {2005},
pages = {91--98},
organization = {IEEE}
}

@article{Chehoud:2015ga,
author = {Chehoud, Christel and Albenberg, Lindsey G and Judge, Colleen and Hoffmann, Christian and Grunberg, Stephanie and Bittinger, Kyle and Baldassano, Robert N and Lewis, James D and Bushman, Frederic D and Wu, Gary D},
title = {{Fungal Signature in the Gut Microbiota of Pediatric Patients With Inflammatory Bowel Disease.}},
journal = {Inflammatory Bowel Diseases},
year = {2015},
volume = {21},
number = {8},
pages = {1948--1956},
month = aug
}

@article{Winter:2014ed,
author = {Winter, Sebastian E and B{\"a}umler, Andreas J},
title = {{Dysbiosis in the inflamed intestine: chance favors the prepared microbe.}},
journal = {Gut microbes},
year = {2014},
volume = {5},
number = {1},
pages = {71--73},
month = jan
}

@article{du2015development,
author = {Du, Zhengyu and Hudcovic, Tomas and Mrazek, Jakub and Kozakova, Hana and Srutkova, Dagmar and Schwarzer, Martin and Tlaskalova-Hogenova, Helena and Kostovcik, Martin and Kverka, Miloslav},
title = {{Development of gut inflammation in mice colonized with mucosa-associated bacteria from patients with ulcerative colitis.}},
journal = {Gut pathogens},
year = {2015},
volume = {7},
number = {1},
pages = {32}
}

@article{Wexler:2007cn,
author = {Wexler, Hannah M},
title = {{Bacteroides: the good, the bad, and the nitty-gritty.}},
journal = {Clinical microbiology reviews},
year = {2007},
volume = {20},
number = {4},
pages = {593--621},
month = oct
}

@article{VelasquezManoff:2015jt,
author = {Velasquez-Manoff, Moises},
title = {{Gut microbiome: the peacekeepers.}},
journal = {Nature},
year = {2015},
volume = {518},
number = {7540},
pages = {S3--11},
month = feb
}

@article{Caporaso:2011vl,
author = {Caporaso, J Gregory and Lauber, Christian L and Costello, Elizabeth K and Berg-Lyons, Donna and Gonz{\'a}lez, Antonio and Stombaugh, Jesse and Knights, Dan and Gajer, Pawel and Ravel, Jacques and Fierer, Noah and Gordon, Jeffrey I and Knight, Rob},
title = {{Moving pictures of the human microbiome}},
journal = {Genome biology},
year = {2011},
volume = {12},
number = {5}
}

@article{Fisher:2014em,
author = {Fisher, Charles K and Mehta, Pankaj},
title = {{Identifying keystone species in the human gut microbiome from metagenomic timeseries using sparse linear regression.}},
journal = {PloS one},
year = {2014},
volume = {9},
number = {7},
pages = {e102451}
}

@article{Faust:2015bd,
author = {Faust, Karoline and Lahti, Leo and Gonze, Didier and de Vos, Willem M and Raes, Jeroen},
title = {{Metagenomics meets time series analysis: unraveling microbial community dynamics.}},
journal = {Current opinion in microbiology},
year = {2015},
volume = {25},
pages = {56--66},
month = jun
}

@article{Knights:2014jta,
author = {Knights, Dan and Silverberg, Mark S and Weersma, Rinse K and Gevers, Dirk and Dijkstra, Gerard and Huang, Hailiang and Tyler, Andrea D and van Sommeren, Suzanne and Imhann, Floris and Stempak, Joanne M and Huang, Hu and Vangay, Pajau and Al-Ghalith, Gabriel A and Russell, Caitlin and Sauk, Jenny and Knight, Jo and Daly, Mark J and Huttenhower, Curtis and Xavier, Ramnik J},
title = {{Complex host genetics influence the microbiome in inflammatory bowel disease.}},
journal = {Genome medicine},
year = {2014},
volume = {6},
number = {12},
pages = {107--107}
}

@article{Adams:2015ga,
author = {Adams, Rachel I and Bateman, Ashley C and Bik, Holly M and Meadow, James F},
title = {{Microbiota of the indoor environment: a meta-analysis.}},
journal = {Microbiome},
year = {2015},
volume = {3},
number = {1},
pages = {49}
}

@article{Khor:2011ky,
author = {Khor, Bernard and Gardet, Agn{\`e}s and Xavier, Ramnik J},
title = {{Genetics and pathogenesis of inflammatory bowel disease.}},
journal = {Nature},
year = {2011},
volume = {474},
number = {7351},
pages = {307--317},
month = jun
}

@article{Liu95,
author = {Liu, Y and van Kruiningen, H J and West, A B and Cartun, R W and Cortot, A and Colombel, J F},
title = {{Immunocytochemical evidence of Listeria, Escherichia coli, and Streptococcus antigens in Crohn's disease}},
journal = {Gastroenterology},
year = {1995},
volume = {108(5)},
pages = {1396--1404}
}

@article{Schloss:2014wl,
author = {Schloss, Patrick D and Iverson, Kathryn D and Petrosino, Joseph F and Schloss, Sarah J},
title = {{The dynamics of a family's gut microbiota reveal variations on a theme.}},
journal = {Microbiome},
year = {2014},
volume = {2},
number = {1},
pages = {25}
}

@article{Sunagawa:2013if,
author = {Sunagawa, Shinichi and Mende, Daniel R and Zeller, Georg and Izquierdo-Carrasco, Fernando and Berger, Simon A and Kultima, Jens Roat and Coelho, Luis Pedro and Arumugam, Manimozhiyan and Tap, Julien and Nielsen, Henrik Bjorn and Rasmussen, Simon and Brunak, S{\o}ren and Pedersen, Oluf and Guarner, Francisco and de Vos, Willem M and Wang, Jun and Li, Junhua and Dor{\'e}, Joel and Ehrlich, S Dusko and Stamatakis, Alexandros and Bork, Peer},
title = {{Metagenomic species profiling using universal phylogenetic marker genes.}},
journal = {Nature Methods},
year = {2013},
volume = {10},
number = {12},
pages = {1196--1199},
month = dec
}

@article{qin2012metagenome,
author = {Qin, Junjie and Li, Yingrui and Cai, Zhiming and Li, Shenghui and Zhu, Jianfeng and Zhang, Fan and Liang, Suisha and Zhang, Wenwei and Guan, Yuanlin and Shen, Dongqian and Peng, Yangqing and Zhang, Dongya and Jie, Zhuye and Wu, Wenxian and Qin, Youwen and Xue, Wenbin and Li, Junhua and Han, Lingchuan and Lu, Donghui and Wu, Peixian and Dai, Yali and Sun, Xiaojuan and Li, Zesong and Tang, Aifa and Zhong, Shilong and Li, Xiaoping and Chen, Weineng and Xu, Ran and Wang, Mingbang and Feng, Qiang and Gong, Meihua and Yu, Jing and Zhang, Yanyan and Zhang, Ming and Hansen, Torben and Sanchez, Gaston and Raes, Jeroen and Falony, Gwen and Okuda, Shujiro and Almeida, Mathieu and LeChatelier, Emmanuelle and Renault, Pierre and Pons, Nicolas and Batto, Jean Michel and Zhang, Zhaoxi and Chen, Hua and Yang, Ruifu and Zheng, Weimou and Li, Songgang and Yang, Huanming and Wang, Jian and Ehrlich, S Dusko and Nielsen, Rasmus and Pedersen, Oluf and Kristiansen, Karsten and Wang, Jun},
title = {{A metagenome-wide association study of gut microbiota in type 2 diabetes}},
journal = {Nature},
year = {2012},
volume = {490},
number = {7418},
pages = {55--60}
}

@article{Minot:2011ez,
author = {Minot, Samuel and Sinha, Rohini and Chen, Jun and Li, Hongzhe and Keilbaugh, Sue A and Wu, Gary D and Lewis, James D and Bushman, Frederic D},
title = {{The human gut virome: inter-individual variation and dynamic response to diet.}},
journal = {Genome research},
year = {2011},
volume = {21},
number = {10},
pages = {1616--1625},
month = oct
}

@article{Bittinger:2014hm,
author = {Bittinger, Kyle and Charlson, Emily S and Loy, Elizabeth and Shirley, David J and Haas, Andrew R and Laughlin, Alice and Yi, Yanjie and Wu, Gary D and Lewis, James D and Frank, Ian and Cantu, Edward and Diamond, Joshua M and Christie, Jason D and Collman, Ronald G and Bushman, Frederic D},
title = {{Improved characterization of medically relevant fungi in the human respiratory tract using next-generation sequencing.}},
journal = {Genome biology},
year = {2014},
volume = {15},
number = {10},
pages = {487}
}

@article{segata2012metagenomic,
author = {Segata, Nicola and Waldron, Levi and Ballarini, Annalisa and Narasimhan, Vagheesh and Jousson, Olivier and Huttenhower, Curtis},
title = {{Metagenomic microbial community profiling using unique clade-specific marker genes}},
journal = {Nature Methods},
year = {2012},
volume = {9},
number = {8},
pages = {811--814}
}

@article{qin2010human,
author = {Qin, Junjie and Li, Ruiqiang and Raes, Jeroen and Arumugam, Manimozhiyan and Burgdorf, Kristoffer Solvsten and Manichanh, Chaysavanh and Nielsen, Trine and Pons, Nicolas and Levenez, Florence and Yamada, Takuji and Mende, Daniel R and Li, Junhua and Xu, Junming and Li, Shaochuan and Li, Dongfang and Cao, Jianjun and Wang, Bo and Liang, Huiqing and Zheng, Huisong and Xie, Yinlong and Tap, Julien and Lepage, Patricia and Bertalan, Marcelo and Batto, Jean Michel and Hansen, Torben and Le Paslier, Denis and Linneberg, Allan and Nielsen, H Bj{\o}rn and Pelletier, Eric and Renault, Pierre and Sicheritz-Ponten, Thomas and Turner, Keith and Zhu, Hongmei and Yu, Chang and Li, Shengting and Jian, Min and Zhou, Yan and Li, Yingrui and Zhang, Xiuqing and Li, Songgang and Qin, Nan and Yang, Huanming and Wang, Jian and Brunak, S{\o}ren and Dor{\'e}, Joel and Guarner, Francisco and Kristiansen, Karsten and Pedersen, Oluf and Parkhill, Julian and Weissenbach, Jean and Bork, Peer and Ehrlich, S Dusko and Wang, Jun and Consortium, MetaHIT},
title = {{A human gut microbial gene catalogue established by metagenomic sequencing}},
journal = {Nature},
year = {2010},
volume = {464},
number = {7285},
pages = {59--U70}
}

@article{markle2013sex,
author = {Markle, Janet GM and Frank, Daniel N and Mortin-Toth, Steven and Robertson, Charles E and Feazel, Leah M and Rolle-Kampczyk, Ulrike and von Bergen, Martin and McCoy, Kathy D and Macpherson, Andrew J and Danska, Jayne S},
title = {{Sex differences in the gut microbiome drive hormone-dependent regulation of autoimmunity}},
journal = {Science},
year = {2013},
volume = {339},
number = {6123},
pages = {1084--1088}
}

@article{Sommer:2013hq,
author = {Sommer, Felix and B{\"a}ckhed, Fredrik},
title = {{The gut microbiota |[mdash]| masters of host development and physiology}},
journal = {Nature reviews. Microbiology},
year = {2013},
volume = {11},
number = {4},
pages = {227--238},
month = apr
}

@article{mahendran2011prevalence,
author = {Mahendran, Vikneswari and Riordan, Stephen M and Grimm, Michael C and Tran, Thi Anh Tuyet and Major, Joelene and Kaakoush, Nadeem O and Mitchell, Hazel and Zhang, Li},
title = {{Prevalence of Campylobacter species in adult Crohn's disease and the preferential colonization sites of Campylobacter species in the human intestine}},
journal = {PloS one},
year = {2011},
volume = {6},
number = {9},
pages = {e25417}
}

@article{Kaakoush:2015hh,
author = {Kaakoush, Nadeem O and Day, Andrew S and Leach, Steven T and Lemberg, Daniel A and Nielsen, Shaun and Mitchell, Hazel M},
title = {{Effect of Exclusive Enteral Nutrition on the Microbiota of Children With Newly Diagnosed Crohn{\textquoteright}s Disease}},
journal = {Clinical and Translational Gastroenterology},
year = {2015},
volume = {6},
number = {1},
pages = {e71}
}

@article{Cho:2012cn,
author = {Cho, Ilseung and Blaser, Martin J},
title = {{The human microbiome: at the interface of health and disease.}},
journal = {Nature reviews. Genetics},
year = {2012},
volume = {13},
number = {4},
pages = {260--270},
month = apr
}

@article{Kostic:2015bh,
author = {Kostic, Aleksandar D and Gevers, Dirk and Siljander, Heli and Vatanen, Tommi and Hy{\"o}tyl{\"a}inen, Tuulia and H{\"a}m{\"a}l{\"a}inen, Anu-Maaria and Peet, Aleksandr and Tillmann, Vallo and P{\"o}h{\"o}, P{\"a}ivi and Mattila, Ismo and L{\"a}hdesm{\"a}ki, Harri and Franzosa, Eric A and Vaarala, Outi and de Goffau, Marcus and Harmsen, Hermie and Ilonen, Jorma and Virtanen, Suvi M and Clish, Clary B and Ore{\v s}i{\v c}, Matej and Huttenhower, Curtis and Knip, Mikael and Xavier, Ramnik J},
title = {{The Dynamics of the Human Infant Gut Microbiome in Development and in Progression toward Type 1 Diabetes.}},
journal = {Cell host {\&} microbe},
year = {2015},
volume = {17},
number = {2},
pages = {260--273},
month = feb
}

@article{Langmead:2012th,
author = {Langmead, Ben and Salzberg, Steven L},
title = {{Fast gapped-read alignment with Bowtie 2.}},
journal = {Nature Methods},
year = {2012},
volume = {9},
number = {4},
pages = {357--359},
month = apr
}

@article{Cox:2014hy,
author = {Cox, Laura M and Yamanishi, Shingo and Sohn, Jiho and Alekseyenko, Alexander V and Leung, Jacqueline M and Cho, Ilseung and Kim, Sungheon G and Li, Huilin and Gao, Zhan and Mahana, Douglas and Rodriguez, Jorge G Z{\'a}rate and Rogers, Arlin B and Robine, Nicolas and Loke, P{\textquoteright}ng and Blaser, Martin J},
title = {{Altering the Intestinal Microbiota during a Critical Developmental Window Has Lasting Metabolic Consequences}},
journal = {Cell},
year = {2014},
volume = {158},
number = {4},
pages = {705--721},
month = aug
}

@article{Teng:2015er,
author = {Teng, Fei and Yang, Fang and Huang, Shi and Bo, Cunpei and Xu, Zhenjiang Zech and Amir, Amnon and Knight, Rob and Ling, Junqi and Xu, Jian},
title = {{Prediction of Early Childhood Caries via Spatial-Temporal Variations of Oral Microbiota}},
journal = {Cell host {\&} microbe},
year = {2015},
volume = {18},
number = {3},
pages = {296--306},
month = sep
}

@article{Sandve:2013gh,
author = {Sandve, Geir Kjetil and Nekrutenko, Anton and Taylor, James and Hovig, Eivind},
title = {{Ten simple rules for reproducible computational research.}},
journal = {PLoS Computational Biology},
year = {2013},
volume = {9},
number = {10},
pages = {e1003285},
month = oct
}

@article{Sokol:2008ke,
author = {Sokol, Harry and Pigneur, B{\'e}n{\'e}dicte and Watterlot, Laurie and Lakhdari, Omar and Berm{\'u}dez-Humar{\'a}n, Luis G and Gratadoux, Jean-Jacques and Blugeon, S{\'e}bastien and Bridonneau, Chantal and Furet, Jean-Pierre and Corthier, G{\'e}rard and Grangette, Corinne and Vasquez, Nadia and Pochart, Philippe and Trugnan, Germain and Thomas, Ginette and Blotti{\`e}re, Herv{\'e} M and Dor{\'e}, Joel and Marteau, Philippe and Seksik, Philippe and Langella, Philippe},
title = {{Faecalibacterium prausnitzii is an anti-inflammatory commensal bacterium identified by gut microbiota analysis of Crohn disease patients.}},
journal = {Proceedings of the National Academy of Sciences of the United States of America},
year = {2008},
volume = {105},
number = {43},
pages = {16731--16736},
month = oct
}

@article{nagalingam2012role,
author = {Nagalingam, Nabeetha A and Lynch, Susan V},
title = {{Role of the microbiota in inflammatory bowel diseases}},
journal = {Inflammatory Bowel Diseases},
year = {2012},
volume = {18},
number = {5},
pages = {968--984}
}

@article{Cenit:2014hl,
author = {Cenit, M C and Matzaraki, V and Tigchelaar, E F and Zhernakova, A},
title = {{Rapidly expanding knowledge on the role of the gut microbiome in health and disease}},
journal = {Biochimica Et Biophysica Acta-Molecular Basis of Disease},
year = {2014},
volume = {1842},
number = {10},
pages = {1981--1992},
month = oct
}

@article{David:2014cl,
author = {David, Lawrence A and Maurice, Corinne F and Carmody, Rachel N and Gootenberg, David B and Button, Julie E and Wolfe, Benjamin E and Ling, Alisha V and Devlin, A Sloan and Varma, Yug and Fischbach, Michael A and Biddinger, Sudha B and Dutton, Rachel J and Turnbaugh, Peter J},
title = {{Diet rapidly and reproducibly alters the human gut microbiome.}},
journal = {Nature},
year = {2014},
volume = {505},
number = {7484},
pages = {559--563},
month = jan
}

@article{Fukuda:2012hg,
author = {Fukuda, Shinji and Toh, Hidehiro and Taylor, Todd D and Ohno, Hiroshi and Hattori, Masahira},
title = {{Acetate-producing bifidobacteria protect the host from enteropathogenic infection via carbohydrate transporters.}},
journal = {Gut microbes},
year = {2012},
volume = {3},
number = {5},
pages = {449--454},
month = sep
}

@article{chiba2001staphylococcus,
author = {Chiba, M and Hoshina, S and Kono, M and Tobita, M and Fukushima, T and Iizuka, M and Watanabe, S},
title = {{Staphylococcus aureus in inflammatory bowel disease}},
journal = {Scandinavian journal of gastroenterology},
year = {2001},
volume = {36},
number = {6},
pages = {615--620}
}

@article{Rajca:2014bi,
author = {Rajca, Sylvie and Grondin, Virginie and Louis, Edouard and Vernier-Massouille, Gwenola and Grimaud, Jean-Charle and Bouhnik, Yoram and Laharie, David and Dupas, Jean-Louis and Pillant, Helene and Picon, Laurence and Veyrac, Michel and Flamant, Mathurin and Savoye, Guillaume and Jian, Raymond and Devos, Martine and Paintaud, Gilles and Piver, Eric and Allez, Matthieu and Mary, Jean Yves and Sokol, Harry and Colombel, Jean Fr{\'e}d{\'e}ric and Seksik, Philippe},
title = {{Alterations in the intestinal microbiome (dysbiosis) as a predictor of relapse after infliximab withdrawal in Crohn's disease.}},
journal = {Inflammatory Bowel Diseases},
year = {2014},
volume = {20},
number = {6},
pages = {978--986},
month = jun
}

@article{Frank:2007hn,
author = {Frank, Daniel N and St Amand, Allison L and Feldman, Robert A and Boedeker, Edgar C and Harpaz, Noam and Pace, Norman R},
title = {{Molecular-phylogenetic characterization of microbial community imbalances in human inflammatory bowel diseases.}},
journal = {Proceedings of the National Academy of Sciences of the United States of America},
year = {2007},
volume = {104},
number = {34},
pages = {13780--13785},
month = aug
}

@article{Prideaux:2012kn,
author = {Prideaux, Lani and Kamm, Michael A and De Cruz, Peter P and Chan, Francis K L and Ng, Siew C},
title = {{Inflammatory bowel disease in Asia: a systematic review.}},
journal = {Journal of gastroenterology and hepatology},
year = {2012},
volume = {27},
number = {8},
pages = {1266--1280},
month = aug
}

@article{huson2007megan,
author = {Huson, Daniel H and Auch, Alexander F and Qi, Ji and Schuster, Stephan C},
title = {{MEGAN analysis of metagenomic data}},
journal = {Genome research},
year = {2007},
volume = {17},
number = {3},
pages = {377--386}
}

@article{Lin:2014hm,
author = {Lin, Jin-Feng and Chen, Jin-Min and Zuo, Jun-Hua and Yu, Allen and Xiao, Zhu-Jun and Deng, Fei-Hong and Nie, Biao and Jiang, Bo},
title = {{Meta-analysis: fecal calprotectin for assessment of inflammatory bowel disease activity.}},
journal = {Inflammatory Bowel Diseases},
year = {2014},
volume = {20},
number = {8},
pages = {1407--1415},
month = aug
}

@article{Strijbis:2010gd,
author = {Strijbis, Karin and Distel, Ben},
title = {{Intracellular acetyl unit transport in fungal carbon metabolism.}},
journal = {Eukaryotic cell},
year = {2010},
volume = {9},
number = {12},
pages = {1809--1815},
month = dec
}

@article{Gerber:2014ca,
author = {Gerber, Georg K},
title = {{The dynamic microbiome.}},
journal = {FEBS letters},
year = {2014},
volume = {588},
number = {22},
pages = {4131--4139},
month = nov
}

@article{LaRosa:2014kk,
author = {La Rosa, Patricio S and Warner, Barbara B and Zhou, Yanjiao and Weinstock, George M and Sodergren, Erica and Hall-Moore, Carla M and Stevens, Harold J and Bennett, William E and Shaikh, Nurmohammad and Linneman, Laura A and Hoffmann, Julie A and Hamvas, Aaron and Deych, Elena and Shands, Berkley A and Shannon, William D and Tarr, Phillip I},
title = {{Patterned progression of bacterial populations in the premature infant gut.}},
journal = {Proceedings of the National Academy of Sciences of the United States of America},
year = {2014},
volume = {111},
number = {34},
pages = {12522--12527},
month = aug
}

@article{Zhou:2015kw,
author = {Zhou, Yanjiao and Shan, Gururaj and Sodergren, Erica and Weinstock, George and Walker, W Allan and Gregory, Katherine E},
title = {{Longitudinal analysis of the premature infant intestinal microbiome prior to necrotizing enterocolitis: a case-control study.}},
journal = {PloS one},
year = {2015},
volume = {10},
number = {3},
pages = {e0118632--e0118632},
month = jan
}

@article{Card:2004tb,
author = {Card, T and Logan, R F A and Rodrigues, L C and Wheeler, J G},
title = {{Antibiotic use and the development of Crohn's disease.}},
journal = {Gut},
year = {2004},
volume = {53},
number = {2},
pages = {246--250},
month = feb
}

@article{Nairz:2010cf,
author = {Nairz, Manfred and Schroll, Andrea and Sonnweber, Thomas and Weiss, G{\"u}nter},
title = {{The struggle for iron - a metal at the host-pathogen interface.}},
journal = {Cellular microbiology},
year = {2010},
volume = {12},
number = {12},
pages = {1691--1702},
month = dec
}

@article{Dollive:2013cj,
author = {Dollive, Serena and Chen, Ying-Yu and Grunberg, Stephanie and Bittinger, Kyle and Hoffmann, Christian and Vandivier, Lee and Cuff, Christopher and Lewis, James D and Wu, Gary D and Bushman, Frederic D},
title = {{Fungi of the murine gut: episodic variation and proliferation during antibiotic treatment.}},
journal = {PloS one},
year = {2013},
volume = {8},
number = {8},
pages = {e71806}
}

@article{Koren:2012ji,
author = {Koren, Omry and Goodrich, Julia K and Cullender, Tyler C and Spor, Aym{\'e} and Laitinen, Kirsi and Kling B{\"a}ckhed, Helene and Gonz{\'a}lez, Antonio and Werner, Jeffrey J and Angenent, Largus T and Knight, Rob and B{\"a}ckhed, Fredrik and Isolauri, Erika and Salminen, Seppo and Ley, Ruth E},
title = {{Host Remodeling of the Gut Microbiome and Metabolic Changes during Pregnancy}},
journal = {Cell},
year = {2012},
volume = {150},
number = {3},
pages = {470--480},
month = aug
}

@article{altschul1990basic,
author = {Altschul, S F and Gish, W and Miller, W and Myers, E W and Lipman, D J},
title = {{Basic local alignment search tool.}},
journal = {Journal of molecular biology},
year = {1990},
volume = {215},
number = {3},
pages = {403--410},
month = oct
}

@article{Hoffmann:2013gu,
author = {Hoffmann, Christian and Dollive, Serena and Grunberg, Stephanie and Chen, Jun and Li, Hongzhe and Wu, Gary D and Lewis, James D and Bushman, Frederic D},
title = {{Archaea and fungi of the human gut microbiome: correlations with diet and bacterial residents.}},
journal = {PloS one},
year = {2013},
volume = {8},
number = {6},
pages = {e66019}
}

@article{Flores:2014ib,
author = {Flores, Gilberto E and Caporaso, J and Henley, Jessica B and Rideout, Jai and Domogala, Daniel and Chase, John and Leff, Jonathan W and V{\'a}zquez-Baeza, Yoshiki and Gonz{\'a}lez, Antonio and Knight, Rob and Dunn, Robert R and Fierer, Noah},
title = {{Temporal variability is a personalized feature of the human microbiome}},
journal = {Genome biology},
year = {2014},
volume = {15},
number = {12},
pages = {531}
}

@article{lee2015comparative,
author = {Lee, Dale and Baldassano, Robert N and Otley, Anthony R and Albenberg, Lindsey and Griffiths, Anne M and Compher, Charlene and Chen, Eric Z and Li, Hongzhe and Gilroy, Erin and Nessel, Lisa and Grant, Amy and Chehoud, Christel and Bushman, Frederic D and Wu, Gary D and Lewis, James D},
title = {{Comparative Effectiveness of Nutritional and Biological Therapy in North American Children with Active Crohn's Disease.}},
journal = {Inflammatory Bowel Diseases},
year = {2015},
volume = {21},
number = {8},
pages = {1786--1793},
month = aug
}

@article{Richard:2015kk,
author = {Richard, Mathias L and Lamas, Bruno and Liguori, Giuseppina and Hoffmann, Thomas W and Sokol, Harry},
title = {{Gut fungal microbiota: the Yin and Yang of inflammatory bowel disease.}},
journal = {Inflammatory Bowel Diseases},
year = {2015},
volume = {21},
number = {3},
pages = {656--665},
month = mar
}

@article{David:2014if,
author = {David, Lawrence A and Materna, Arne C and Friedman, Jonathan and Campos-Baptista, Maria I and Blackburn, Matthew C and Perrotta, Allison and Erdman, Susan E and Alm, Eric J},
title = {{Host lifestyle affects human microbiota on daily timescales}},
journal = {Genome biology},
year = {2014},
volume = {15},
number = {7},
pages = {R89}
}

@article{Gonzalez:2012gv,
author = {Gonz{\'a}lez, Antonio and King, Andrew and Robeson II, Michael S and Song, Sejin and Shade, Ashley and Metcalf, Jessica L and Knight, Rob},
title = {{Characterizing microbial communities through space and time}},
journal = {Current Opinion in Biotechnology},
year = {2012},
volume = {23},
number = {3},
pages = {431--436},
month = jun
}

@article{Schulz:2014fy,
author = {Schulz, Manon D and Atay, Ci{\u{g}}dem and Heringer, Jessica and Romrig, Franziska K and Schwitalla, Sarah and Aydin, Beg{\"u}m and Ziegler, Paul K and Varga, Julia and Reindl, Wolfgang and Pommerenke, Claudia and Salinas-Riester, Gabriela and B{\"o}ck, Andreas and Alpert, Carl and Blaut, Michael and Polson, Sara C and Brandl, Lydia and Kirchner, Thomas and Greten, Florian R and Polson, Shawn W and Arkan, Melek C},
title = {{High-fat-diet-mediated dysbiosis promotes intestinal carcinogenesis independently of obesity.}},
journal = {Nature},
year = {2014},
volume = {514},
number = {7523},
pages = {508--512},
month = aug
}

@article{Romero:2014il,
author = {Romero, Roberto and Hassan, Sonia S and Gajer, Pawel and Tarca, Adi L and Fadrosh, Douglas W and Nikita, Lorraine and Galuppi, Marisa and Lamont, Ronald F and Chaemsaithong, Piya and Miranda, Jezid and Chaiworapongsa, Tinnakorn and Ravel, Jacques},
title = {{The composition and stability of the vaginal microbiota of normal pregnant women is different from that of non-pregnant women.}},
journal = {Microbiome},
year = {2014},
volume = {2},
number = {1},
pages = {4}
}

@article{mukhopadhya2011detection,
author = {Mukhopadhya, Indrani and Thomson, John M and Hansen, Richard and Berry, Susan H and El-Omar, Emad M and Hold, Georgina L},
title = {{Detection of Campylobacter concisus and other Campylobacter species in colonic biopsies from adults with ulcerative colitis}},
journal = {PloS one},
year = {2011},
volume = {6},
number = {6},
pages = {e21490}
}

@article{Faith:2013dw,
author = {Faith, Jeremiah J and Guruge, Janaki L and Charbonneau, Mark and Subramanian, Sathish and Seedorf, Henning and Goodman, Andrew L and Clemente, Jose C and Knight, Rob and Heath, Andrew C and Leibel, Rudolph L and Rosenbaum, Michael and Gordon, Jeffrey I},
title = {{The Long-Term Stability of the Human Gut Microbiota}},
journal = {Science},
year = {2013},
volume = {341},
number = {6141},
pages = {1237439--1237439},
month = jul
}

@article{Huttenhower:2014ba,
author = {Huttenhower, Curtis and Kostic, Aleksandar D and Xavier, Ramnik J},
title = {{Inflammatory bowel disease as a model for translating the microbiome.}},
journal = {Immunity},
year = {2014},
volume = {40},
number = {6},
pages = {843--854},
month = jun
}

@article{lewis2015inflammation,
author = {Lewis, James D and Chen, Eric Z and Baldassano, Robert N and Otley, Anthony R and Griffiths, Anne M and Lee, Dale and Bittinger, Kyle and Bailey, Aubrey and Friedman, Elliot S and Hoffmann, Christian and Albenberg, Lindsey and Sinha, Rohini and Compher, Charlene and Gilroy, Erin and Nessel, Lisa and Grant, Amy and Chehoud, Christel and Li, Hongzhe and Wu, Gary D and Bushman, Frederic D},
title = {{Inflammation, Antibiotics, and Diet as Environmental Stressors of the Gut Microbiome in Pediatric Crohn's Disease}},
journal = {Cell host {\&} microbe},
year = {2015},
volume = {18},
number = {4},
pages = {489--500}
}

@article{Blaser:2014jh,
author = {Blaser, Martin J},
title = {{The microbiome revolution.}},
journal = {Journal of Clinical Investigation},
year = {2014},
volume = {124},
number = {10},
pages = {4162--4165},
month = oct
}

@article{Cole:2014jw,
author = {Cole, James R and Wang, Qiong and Fish, Jordan A and Chai, Benli and McGarrell, Donna M and Sun, Yanni and Brown, C Titus and Porras-Alfaro, Andrea and Kuske, Cheryl R and Tiedje, James M},
title = {{Ribosomal Database Project: data and tools for high throughput rRNA analysis.}},
journal = {Nucleic acids research},
year = {2014},
volume = {42},
number = {Database issue},
pages = {D633--42},
month = jan
}

@article{wu2011linking,
author = {Wu, Gary D and Chen, Jun and Hoffmann, Christian and Bittinger, Kyle and Chen, Ying-Yu and Keilbaugh, Sue A and Bewtra, Meenakshi and Knights, Dan and Walters, William A and Knight, Rob and Sinha, Rohini and Gilroy, Erin and Gupta, Kernika and Baldassano, Robert and Nessel, Lisa and Li, Hongzhe and Bushman, Frederic D and Lewis, James D},
title = {{Linking long-term dietary patterns with gut microbial enterotypes.}},
journal = {Science},
year = {2011},
volume = {334},
number = {6052},
pages = {105--108},
month = oct
}

@article{taddy2013multinomial,
author = {Taddy, Matt},
title = {{Multinomial Inverse Regression for Text Analysis}},
journal = {Journal of the American Statistical Association},
year = {2013},
volume = {108},
number = {503},
pages = {755--770},
month = sep
}

@article{Backhed:2015kc,
author = {B{\"a}ckhed, Fredrik and Roswall, Josefine and Peng, Yangqing and Feng, Qiang and Jia, Huijue and Kovatcheva-Datchary, Petia and Li, Yin and Xia, Yan and Xie, Hailiang and Zhong, Huanzi and Khan, Muhammad Tanweer and Zhang, Jianfeng and Li, Junhua and Xiao, Liang and Al-Aama, Jumana and Zhang, Dongya and Lee, Ying Shiuan and Kotowska, Dorota and Colding, Camilla and Tremaroli, Valentina and Yin, Ye and Bergman, Stefan and Xu, Xun and Madsen, Lise and Kristiansen, Karsten and Dahlgren, Jovanna and Jun, Wang},
title = {{Dynamics and Stabilization of the Human Gut Microbiome during the First Year of Life}},
journal = {Cell host {\&} microbe},
year = {2015},
volume = {17},
number = {5},
pages = {690--703},
month = may
}

@article{Gerasimidis:2014gi,
author = {Gerasimidis, Konstantinos and Bertz, Martin and Hanske, Laura and Junick, Jana and Biskou, Olga and Aguilera, Margarita and Garrick, Vikki and Russell, Richard K and Blaut, Michael and McGrogan, Paraic and Edwards, Christine A},
title = {{Decline in Presumptively Protective Gut Bacterial Species and Metabolites Are Paradoxically Associated with Disease Improvement in Pediatric Crohn{\textquoteright}s Disease During Enteral Nutrition}},
journal = {Inflammatory Bowel Diseases},
year = {2014},
volume = {20},
number = {5},
pages = {861--871},
month = may
}

@article{Robin:2011fc,
author = {Robin, Xavier and Turck, Natacha and Hainard, Alexandre and Tiberti, Natalia and Lisacek, Fr{\'e}d{\'e}rique and Sanchez, Jean-Charles and M{\"u}ller, Markus},
title = {{pROC: an open-source package for R and S+ to analyze and compare ROC curves.}},
journal = {BMC bioinformatics},
year = {2011},
volume = {12},
number = {1},
pages = {77}
}

@article{Lessa:2015wl,
author = {Lessa, Fernanda C and Mu, Yi and Bamberg, Wendy M and Beldavs, Zintars G and Dumyati, Ghinwa K and Dunn, John R and Farley, Monica M and Holzbauer, Stacy M and Meek, James I and Phipps, Erin C and Wilson, Lucy E and Winston, Lisa G and Cohen, Jessica A and Limbago, Brandi M and Fridkin, Scott K and Gerding, Dale N and McDonald, L Clifford},
title = {{Burden of Clostridium difficileInfection in the United States}},
journal = {New England Journal of Medicine},
year = {2015},
volume = {372},
number = {9},
pages = {825--834},
month = feb
}

@article{Grover:2013dj,
author = {Grover, Zubin and Muir, Richard and Lewindon, Peter},
title = {{Exclusive enteral nutrition induces early clinical, mucosal and transmural remission in paediatric Crohn{\textquoteright}s disease}},
year = {2013},
volume = {49},
number = {4},
pages = {638--645},
month = apr
}

@article{white2009statistical,
author = {White, James Robert and Nagarajan, Niranjan and Pop, Mihai},
title = {{Statistical methods for detecting differentially abundant features in clinical metagenomic samples}},
journal = {PLoS Computational Biology},
year = {2009},
volume = {5},
number = {4},
pages = {e1000352}
}

@article{gevers2014treatment,
author = {Gevers, Dirk and Kugathasan, Subra and Denson, Lee A and V{\'a}zquez-Baeza, Yoshiki and Van Treuren, Will and Ren, Boyu and Schwager, Emma and Knights, Dan and Song, Se Jin and Yassour, Moran and Morgan, Xochitl C and Kostic, Aleksandar D and Luo, Chengwei and Gonz{\'a}lez, Antonio and McDonald, Daniel and Haberman, Yael and Walters, Thomas and Baker, Susan and Rosh, Joel and Stephens, Michael and Heyman, Melvin and Markowitz, James and Baldassano, Robert and Griffiths, Anne and Sylvester, Francisco and Mack, David and Kim, Sandra and Crandall, Wallace and Hyams, Jeffrey and Huttenhower, Curtis and Knight, Rob and Xavier, Ramnik J},
title = {{The Treatment-Naive Microbiome in New-Onset Crohn{\textquoteright}s Disease}},
journal = {Cell host {\&} microbe},
year = {2014},
volume = {15},
number = {3},
pages = {382--392},
month = mar
}

@article{Rutten:2015bx,
author = {Rutten, N B M M and Gorissen, D M W and Eck, A and Niers, L E M and Vlieger, A M and der Vaart, I Besseling-van and Budding, A E and Savelkoul, P H M and van der Ent, C K and Rijkers, G T},
title = {{Long Term Development of Gut Microbiota Composition in Atopic Children: Impact of Probiotics}},
journal = {PloS one},
year = {2015},
volume = {10},
number = {9},
pages = {e0137681},
month = sep
}

